% Automatically generated 2019-12-26 17:40:25

% DO NOT EDIT
@book{wickham2016r,
  title={R for data science: import, tidy, transform, visualize, and model data},
  author={Wickham, Hadley and Grolemund, Garrett},
  year={2016},
  publisher={" O'Reilly Media, Inc."},
  url = {http://r4ds.had.co.nz/}
}

@book{madden2007study,
  title={The study of plant disease epidemics},
  author={Madden, Laurence V and Hughes, Gareth and Van Den Bosch, Frank},
  year={2007},
  publisher={Am Phytopath Society}
}

@article{chiang2017discussion,
  title={A discussion on disease severity index values. Part I: warning on inherent errors and suggestions to maximise accuracy},
  author={Chiang, KS and Liu, HI and Bock, CH},
  journal={Annals of Applied Biology},
  volume={171},
  number={2},
  pages={139--154},
  year={2017},
  publisher={Wiley Online Library}
}

@article{garrett2004new,
  title={New applications of statistical tools in plant pathology},
  author={Garrett, KA and Madden, LV and Hughes, G and Pfender, WF},
  journal={Phytopathology},
  volume={94},
  number={9},
  pages={999--1003},
  year={2004},
  publisher={Am Phytopath Society}
}

@article{del2017standard,
  title={Standard area diagrams for aiding severity estimation: Scientometrics, pathosystems, and methodological trends in the last 25 years},
  author={Del Ponte, Emerson M and Pethybridge, Sarah J and Bock, Clive H and Michereff, Sami J and Machado, Franklin J and Spolti, Pi{\'e}rri},
  journal={Phytopathology},
  volume={107},
  number={10},
  pages={1161--1174},
  year={2017},
  publisher={Am Phytopath Society}
}

@article{nutter1991disease,
  title={Disease assessment terms and concepts.},
  author={Nutter Jr, FW and Teng, PS and Shokes, FM},
  journal={Plant Disease},
  year={1991}
}


@article{nutter2006disease,
  title={Disease assessment concepts and the advancements made in improving the accuracy and precision of plant disease data},
  author={Nutter, Forrest W and Esker, Paul D and Netto, Rosalee A Coelho},
  journal={European Journal of Plant Pathology},
  volume={115},
  number={1},
  pages={95--103},
  year={2006},
  publisher={Springer}
}

@article{nutter2006disease,
  title={Disease assessment concepts and the advancements made in improving the accuracy and precision of plant disease data},
  author={Nutter, Forrest W and Esker, Paul D and Netto, Rosalee A Coelho},
  journal={European Journal of Plant Pathology},
  volume={115},
  number={1},
  pages={95--103},
  year={2006},
  publisher={Springer}
}
@Article{tidyverse,
  title = {Welcome to the {tidyverse}},
  author = {Hadley Wickham and Mara Averick and Jennifer Bryan and Winston Chang and Lucy D'Agostino McGowan and Romain François and Garrett Grolemund and Alex Hayes and Lionel Henry and Jim Hester and Max Kuhn and Thomas Lin Pedersen and Evan Miller and Stephan Milton Bache and Kirill Müller and Jeroen Ooms and David Robinson and Dana Paige Seidel and Vitalie Spinu and Kohske Takahashi and Davis Vaughan and Claus Wilke and Kara Woo and Hiroaki Yutani},
  year = {2019},
  journal = {Journal of Open Source Software},
  volume = {4},
  number = {43},
  pages = {1686},
  doi = {10.21105/joss.01686},
}

@Manual{knitr1,
  title = {knitr: A General-Purpose Package for Dynamic Report Generation in R},
  author = {Yihui Xie},
  year = {2019},
  note = {R package version 1.24},
  url = {https://yihui.name/knitr/},
}

@Book{knitr2,
  title = {Dynamic Documents with {R} and knitr},
  author = {Yihui Xie},
  publisher = {Chapman and Hall/CRC},
  address = {Boca Raton, Florida},
  year = {2015},
  edition = {2nd},
  note = {ISBN 978-1498716963},
  url = {https://yihui.name/knitr/},
}

@InCollection{knitr3,
  booktitle = {Implementing Reproducible Computational Research},
  editor = {Victoria Stodden and Friedrich Leisch and Roger D. Peng},
  title = {knitr: A Comprehensive Tool for Reproducible Research in {R}},
  author = {Yihui Xie},
  publisher = {Chapman and Hall/CRC},
  year = {2014},
  note = {ISBN 978-1466561595},
  url = {http://www.crcpress.com/product/isbn/9781466561595},
}

@Manual{bibtex,
  title = {bibtex: Bibtex Parser},
  author = {Romain Francois},
  year = {2019},
  note = {R package version 0.4.2.1},
  url = {https://CRAN.R-project.org/package=bibtex},
}
