@Book{xie2015,
  title = {Dynamic Documents with {R} and knitr},
  author = {Yihui Xie},
  publisher = {Chapman and Hall/CRC},
  address = {Boca Raton, Florida},
  year = {2015},
  edition = {2nd},
  note = {ISBN 978-1498716963},
  url = {http://yihui.name/knitr/},
}

@article{ellison2004primer,
  title={A primer of ecological statistics},
  author={Ellison, GN and Gotelli, NJ},
  journal={Sinauer, Sunderland, Massachusetts, USA},
  year={2004}
}

@book{wickham2016r,
  title={R for data science: import, tidy, transform, visualize, and model data},
  author={Wickham, Hadley and Grolemund, Garrett},
  year={2016},
  publisher={" O'Reilly Media, Inc."},
  url = {http://r4ds.had.co.nz/}
}

@article{broman2018data,
  title={Data organization in spreadsheets},
  author={Broman, Karl W and Woo, Kara H},
  journal={The American Statistician},
  volume={72},
  number={1},
  pages={2--10},
  year={2018},
  publisher={Taylor \& Francis}
}

@article{parra2007tendencias,
  title={Tendencias Gen{\'e}ticas y Fenot{\'\i}picas de Caracter{\'\i}sticas de Crecimiento en el Ganado Brahman de Registro de M{\'e}xico.},
  author={Parra-Bracamonte, Gaspar Manuel and Mart{\'\i}nez-Gonz{\'a}lez, Juan Carlos and Garc{\'\i}a-Esquivel, Francisco Javier and Gonz{\'a}lez-Reyna, Arnoldo and Briones-Encinia, Florencio and Cienfuegos-Rivas, Eugenia Guadalupe},
  journal={Revista Cient{\'\i}fica},
  volume={17},
  number={3},
  pages={262--267},
  year={2007},
  publisher={Universidad del Zulia}
}

@article{madden2009assessing,
  title={Assessing heterogeneity in the relationship between wheat yield and fusarium head blight intensity using random-coefficient mixed models},
  author={Madden, LV and Paul, PA},
  journal={Phytopathology},
  volume={99},
  number={7},
  pages={850--860},
  year={2009},
  publisher={Am Phytopath Society}
}

@article{10.1371/journal.pbio.1002128,
    author = {Weissgerber, Tracey L. AND Milic, Natasa M. AND Winham, Stacey J. AND Garovic, Vesna D.},
    journal = {PLOS Biology},
    publisher = {Public Library of Science},
    title = {Beyond Bar and Line Graphs: Time for a New Data Presentation Paradigm},
    year = {2015},
    month = {04},
    volume = {13},
    url = {https://doi.org/10.1371/journal.pbio.1002128},
    pages = {1-10},
    abstract = {A systematic review of research articles reveals widespread poor practice in the presentation of continuous data. The authors recommend training for investigators and supply templates for easy use.},
    number = {4},
    doi = {10.1371/journal.pbio.1002128}
}

@article{doi:10.1111/j.1476-5381.2011.01251.x,
author = {Drummond, GB and Vowler, SL},
title = {Show the data, don't conceal them},
journal = {British Journal of Pharmacology},
volume = {163},
number = {2},
pages = {208-210},
keywords = {data presentation, graphical display, distrubution of data, confidence limits, standard deviation, standard error of mean},
doi = {10.1111/j.1476-5381.2011.01251.x},
url = {https://bpspubs.onlinelibrary.wiley.com/doi/abs/10.1111/j.1476-5381.2011.01251.x},
eprint = {https://bpspubs.onlinelibrary.wiley.com/doi/pdf/10.1111/j.1476-5381.2011.01251.x},
year = {2011}
}


@article{madden2007study,
  title={The study of plant disease epidemics},
  author={Madden, Laurence V and Hughes, Gareth and Van Den Bosch, Frank},
  year={2007},
  publisher={Am Phytopath Society}
}
